This file was created with JabRef 2.2.
Encoding: MacRoman

@ARTICLE{biau2015a,
  author = {G{\'e}rard Biau and Erwan Scornet},
  title = {A Random Forest Guided Tour},
  journal = {E. TEST},
  year = {2016},
  pages = {197--227},
  address = {Berlin},
  volume = {25},
  issue = {2},
  publisher = {Springer Berlin Heidelberg},
  isbn = {1863-8260}
}  

@article{mentch2016a,
  author  = {Lucas Mentch and Giles Hooker},
  title   = {Quantifying Uncertainty in Random Forests via Confidence Intervals and Hypothesis Tests},
  journal = {Journal of Machine Learning Research},
  year    = {2016},
  volume  = {17},
  number  = {26},
  pages   = {1-41},
  url     = {http://jmlr.org/papers/v17/14-168.html}
}

@article{mentch2016b,
  author = {Lucas Mentch and Giles Hooker}, 
  title = {Formal Hypothesis Tests for Additive Structure in Random Forests},
  year = {2016},
  url = {http://arxiv.org/abs/1406.1845}
  }
  
@article{wager2014,
  author  = {Stefan Wager and Trevor Hastie and Bradley Efron},
  title   = {Confidence Intervals for Random Forests: The Jackknife and the Infinitesimal Jackknife},
  journal = {Journal of Machine Learning Research},
  year    = {2014},
  volume  = {15},
  pages   = {1625-1651},
  url     = {http://jmlr.org/papers/v15/wager14a.html}
}

@article{efron2014,
  author = {Bradley Efron},
  title = {Estimation and Accuracy after Model Selection},
  journal = {Journal of the American Statistical Association},
  year = {2014}, 
  volume = {109},
  number = {507},
  pages = {991--1007},
  doi = {doi.org/10.1080/01621459.2013.823775}
  }

@article{ishwaran2015,
 author = {Ishwaran, Hemant},
 title = {The Effect of Splitting on Random Forests},
 journal = {Mach. Learn.},
 issue_date = {April     2015},
 volume = {99},
 number = {1},
 month = apr,
 year = {2015},
 issn = {0885-6125},
 pages = {75--118},
 numpages = {44},
 url = {http://dx.doi.org/10.1007/s10994-014-5451-2},
 doi = {10.1007/s10994-014-5451-2},
 acmid = {2750334},
 publisher = {Kluwer Academic Publishers},
 address = {Hingham, MA, USA}
} 

@article {brokamp2017,
author = {Brokamp, Cole and Rao, MB and Ryan, Patrick and Jandarov, Roman},
title = {A comparison of resampling and recursive partitioning methods in random forest for estimating the asymptotic variance using the infinitesimal jackknife},
journal = {Stat},
volume = {6},
number = {1},
issn = {2049-1573},
url = {http://dx.doi.org/10.1002/sta4.162},
doi = {10.1002/sta4.162},
pages = {360--372}
}

@Article{gregorutti2017,
author="Gregorutti, Baptiste
and Michel, Bertrand
and Saint-Pierre, Philippe",
title="Correlation and variable importance in random forests",
journal="Statistics and Computing",
year="2017",
month="May",
day="01",
volume="27",
number="3",
pages="659--678",
issn="1573-1375",
doi="10.1007/s11222-016-9646-1",
url="https://doi.org/10.1007/s11222-016-9646-1"
}


@article{wager2017,
author = {Stefan Wager and Susan Athey},
title = {Estimation and Inference of Heterogeneous Treatment Effects using Random Forests},
journal = {Journal of the American Statistical Association},
volume = {0},
number = {ja},
pages = {0-0},
year  = {2017},
publisher = {Taylor & Francis},
doi = {10.1080/01621459.2017.1319839},

URL = {https://doi.org/10.1080/01621459.2017.1319839},
eprint = {https://doi.org/10.1080/01621459.2017.1319839}
}

@ARTICLE{ishwaran2007,
    author = {Hemant Ishwaran},
    title = {Variable importance in binary regression trees and forests},
    journal = {Electron J Stat},
    year = {2007},
    pages = {519--537}
}

@Article{strobl2007,
author="Strobl, Carolin
and Boulesteix, Anne-Laure
and Zeileis, Achim
and Hothorn, Torsten",
title="Bias in random forest variable importance measures: Illustrations, sources and a solution",
journal="BMC Bioinformatics",
year="2007",
month="Jan",
day="25",
volume="8",
number="1",
pages="25",
issn="1471-2105",
doi="10.1186/1471-2105-8-25",
url="https://doi.org/10.1186/1471-2105-8-25"
}

@PHDTHESIS{louppe2014,
  author = {Gilles Louppe},
  title = {Understanding Random Forests From Theory to Practice},
  school = {University of Li{\`e}ge},
  year = {2014},
  type = {PhD dissertation},
  }
  
@Article{strobl2008,
author="Strobl, Carolin
and Boulesteix, Anne-Laure
and Kneib, Thomas
and Augustin, Thomas
and Zeileis, Achim",
title="Conditional variable importance for random forests",
journal="BMC Bioinformatics",
year="2008",
month="Jul",
day="11",
volume="9",
number="1",
pages="307",
doi="10.1186/1471-2105-9-307",
url="https://doi.org/10.1186/1471-2105-9-307"
}

@PHDTHESIS{owens2017, 
  title = {INFFOREST variable importance for random forests},
  author = {Aurora Owens},
  year = {2017},
  school = {Reed College},
  type = {Undergraduate Thesis}
}


@article{hothorn2006,
author = {Torsten Hothorn and Kurt Hornik and Achim Zeileis},
title = {Unbiased Recursive Partitioning: A Conditional Inference Framework},
journal = {Journal of Computational and Graphical Statistics},
volume = {15},
number = {3},
pages = {651-674},
year  = {2006},
publisher = {Taylor & Francis},
doi = {10.1198/106186006X133933},

URL = { 
        https://doi.org/10.1198/106186006X133933
    
},
eprint = { 
        https://doi.org/10.1198/106186006X133933
    
}

}

@BOOK{sheather2009,
  title = {A Modern Approach to Regression with R},
  publisher = {Springer-Verlag},
  year = {2009},
  author = {Simon Sheather},
  address = {New York},
  isbn = {978-0-387-09608-7}
}

@BOOK{cook1982, 
  title = {Residuals and Influence in Regression},
  publisher = {Chapman and Hall},
  address = {London},
  year = {1982},
  author = {Dennis R. Cook and Sandy Weisberg}
}

@PHDTHESIS{rendahl2008,
  title = {Graphical Methods of Determining Predictor Importance and Effect}, 
  author = {Aaron K. Rendahl},
  school = {University of Minnesota},
  year = {2008},
  type = {PhD dissertation},
  }
  
@article{wager2017,
author = {Stefan Wager and Susan Athey},
title = {Estimation and Inference of Heterogeneous Treatment Effects using Random Forests},
journal = {Journal of the American Statistical Association},
volume = {0},
number = {ja},
pages = {0-0},
year  = {2017},
publisher = {Taylor & Francis},
doi = {10.1080/01621459.2017.1319839},

URL = { 
        https://doi.org/10.1080/01621459.2017.1319839
    
},
eprint = { 
        https://doi.org/10.1080/01621459.2017.1319839
    
}

}

@BOOK{cook1999,
  title = {Applied Regression Including Computing and Graphics},
  author = {Dennis R. Cook and Sandy Weisberg},
  year = {1999},
  publisher = {John Wiley & Sons},
  address = {New York}
}

@BOOK{weisberg2005,
  title = {Applied Linear Regression},
  author = {Sandy Weisberg},
  year = {2005},
  publisher = {John Wiley & Sons},
  address = {New York}
}

@Book{hadi1988,
  title = {Sensitivity Analysis in Linear Regression},
  author = {Ali S. Hadi and Samprit Chatterjee},
  publisher = {John Wiley & Sons},
  address = {New York},
  isbn = {9780470316764},
  year = {1988}
}
  